<?xml version="1.0" encoding="UTF-8"?>
<collection xmlns:xsi="http://www.w3.org/2001/XMLSchema-instance" xsi:schemaLocation="http://www.loc.gov/MARC21/slim http://www.loc.gov/standards/marcxml/schema/MARC21slim.xsd" xmlns="http://www.loc.gov/MARC21/slim">
<record>
  <leader>00978cam a2200217I  4500</leader>
  <controlfield tag="001">4890688</controlfield>
  <controlfield tag="003">NNC</controlfield>
  <controlfield tag="005">20041124192052.0</controlfield>
  <controlfield tag="008">931001m19051907ua            000 0 arard</controlfield>
  <datafield tag="035" ind1=" " ind2=" ">
    <subfield code="a">(OCoLC)ocm28925620</subfield>
  </datafield>
  <datafield tag="035" ind1=" " ind2=" ">
    <subfield code="a">(NNC)4890688</subfield>
  </datafield>
  <datafield tag="040" ind1=" " ind2=" ">
    <subfield code="a">CUY</subfield>
    <subfield code="c">CUY</subfield>
  </datafield>
  <datafield tag="090" ind1=" " ind2=" ">
    <subfield code="a">BP136.48</subfield>
    <subfield code="b">.I23 1905</subfield>
  </datafield>
  <datafield tag="100" ind1="1" ind2=" ">
    <subfield code="a">Ibn Ḥajar al-ʻAsqalānī, Aḥmad ibn ʻAlī,</subfield>
    <subfield code="d">1372-1449.</subfield>
  </datafield>
  <datafield tag="240" ind1="1" ind2="0">
    <subfield code="a">Iṣābah fī tamyīz al-Ṣaḥābah</subfield>
  </datafield>
  <datafield tag="245" ind1="1" ind2="0">
    <subfield code="a">Kitāb al-iṣābah fī tamyīz al-Ṣaḥābah /</subfield>
    <subfield code="c">taʾlīf Shaykh al-Islām Shihāb al-Dīn Abī al-Faḍl Aḥmad ibn ʻAlī ibn Muḥammad ibn Muḥammad ibn ʻAlī al-Kinānī al-ʻAsqalānī thumma al-Miṣrī al-Shāfiʻī al-maʻrūf bi-Ibn Ḥajar.</subfield>
  </datafield>
  <datafield tag="260" ind1=" " ind2=" ">
    <subfield code="a">al-Qāhirah :</subfield>
    <subfield code="b">Maṭbaʻat al-Saʻādah,</subfield>
    <subfield code="c">1323-1325 [1905-1907]</subfield>
  </datafield>
  <datafield tag="300" ind1=" " ind2=" ">
    <subfield code="a">8 v. ;</subfield>
    <subfield code="c">28 cm.</subfield>
  </datafield>
  <datafield tag="500" ind1=" " ind2=" ">
    <subfield code="a">Imprint, vol. 3-8: al-Matbaʻah al-Sharqīyah.</subfield>
  </datafield>
  <datafield tag="650" ind1=" " ind2="0">
    <subfield code="a">Hadith</subfield>
    <subfield code="x">Authorities.</subfield>
  </datafield>
  <datafield tag="740" ind1="0" ind2=" ">
    <subfield code="a">Iṣābah fī tamyīz al-Ṣaḥābah.</subfield>
  </datafield>
  <datafield tag="955" ind1=" " ind2=" ">
    <subfield code="b">0021954224</subfield>
    <subfield code="d">glx</subfield>
    <subfield code="e">893.7112 Ib541</subfield>
    <subfield code="v">v.1-2</subfield>
  </datafield>
</record>
</collection>